<record><leader>00000cas a2200000 a 4500</leader><controlfield tag="001">10556851</controlfield><controlfield tag="008">840324d19671968nyuwr ne      0    0eng d</controlfield><datafield ind1=" " ind2=" " tag="010"><subfield code="a">sn 88074233 </subfield></datafield><datafield ind1=" " ind2=" " tag="040"><subfield code="a">VRR</subfield><subfield code="b">eng</subfield><subfield code="c">VRR</subfield><subfield code="d">NPX</subfield><subfield code="d">NYS</subfield><subfield code="d">OCL</subfield><subfield code="d">OCLCQ</subfield></datafield><datafield ind1=" " ind2=" " tag="042"><subfield code="a">msc</subfield></datafield><datafield ind1="0" ind2="0" tag="245"><subfield code="a">Newark courier-gazette.</subfield></datafield><datafield ind1=" " ind2=" " tag="260"><subfield code="a">Newark, N.Y. :</subfield><subfield code="b">Newark Courier-Gazette,</subfield><subfield code="c">1967-1968.</subfield></datafield><datafield ind1=" " ind2=" " tag="300"><subfield code="a">v. :</subfield><subfield code="b">ill.</subfield></datafield><datafield ind1=" " ind2=" " tag="310"><subfield code="a">Weekly</subfield></datafield><datafield ind1="0" ind2=" " tag="362"><subfield code="a">110th year, no. 31 (Aug. 3, 1967)-111th year, no. 41 (Oct. 10, 1968).</subfield></datafield><datafield ind1=" " ind2="4" tag="651"><subfield code="a">Newark (N.Y.)</subfield><subfield code="v">Newspapers.</subfield></datafield><datafield ind1=" " ind2=" " tag="752"><subfield code="a">United States</subfield><subfield code="b">New York</subfield><subfield code="c">Wayne</subfield><subfield code="d">Newark.</subfield></datafield><datafield ind1="0" ind2="0" tag="780"><subfield code="t">Newark courier-gazette, the Marion enterprise, Clifton Springs press</subfield><subfield code="w">(DLC)sn 88074531</subfield><subfield code="w">(OCoLC)18055621</subfield></datafield><datafield ind1="0" ind2="0" tag="785"><subfield code="t">Courier-gazette (Newark, N.Y.)</subfield><subfield code="w">(DLC)sn 88074234</subfield></datafield><datafield ind1="1" ind2=" " tag="029"><subfield code="a">AU@</subfield><subfield code="b">000020503871</subfield></datafield></record>